@article{penney,
	author = {Walter Penney},
	title = {Problem 95. Penney-Ante},
	journaltitle = {Journal of Recreational Mathematics},
	date = {1969},
	volume = {2},
	pages = {241},
}

@misc{chung,
	author = {Derrick Chung},
	title = {Fair Game},
	date = {2024},
	subtitle = {An exploration of coin flips both real and imaginary},
}

@article{unfairCoin,
	author = {Persi Diaconis and Susan Holmes and Richard Montgomery},
	title = { Dynamical Bias in the Coin Toss},
	journaltitle = {Society for Industrial and Applied Mathematics},
	date = {2007},
	volume = {49},
	number = {2},
	pages = {211â€“235},
}


@unpublished{miller,
	author = {Joshua B. Miller},
	title = {Penney's Game Odds from No-Arbitrage},
	date = {2019},
	url = {https://doi.org/10.48550/arXiv.1904.09888},
}



@article{markov,
	author = {Hans U. Gerber and Shuo-Yen Robert Li},
	title = {The Occurence of Sequence Patterns in Repeated Experiments and Hitting Times in a Markov Chain},
	journaltitle = {Stochastic Processes and their Applications},
	date = {1981},
	volume = {11},
	pages = {101-108},
}



@book{prng,
	title = {GPU Gems 3},
	date = {2007},
	editor = {Hubert Nguyen},
	chapter = {37},
	url = {https://developer.nvidia.com/gpugems/gpugems3/part-vi-gpu-computing/chapter-37-efficient-random-number-generation-and-application},
}
